@online{javaOracle, 
	author = {Oracle},
	title = {Java Fundamentals, Chapter 1},
	url = {http://www.oracle.com/events/global/en/java-outreach/resources/java-a-beginners-guide-1720064.pdf},
	urldate = {2017-10-07}
}

@online{androidRefIndex,
	author = {Google},
	title = {Android Development -- Getting Started},
	url = {}
}


